% @article: For articles in journals, magazines, or newspapers.
% @book: For a complete, standalone book.
% @incollection: For a chapter or section within a larger book that has its own author(s).
% @inproceedings: For a paper published as part of conference proceedings.
% @phdthesis / @mastersthesis: For doctoral dissertations or master's theses. The type field can specify "Ph.D. Dissertation" or "Master's Thesis".
% @techreport: For a technical report from an institution or company.
% @misc: A general-purpose type for sources that don't fit into other categories, often used for web pages or unpublished documents.
% @online: A more modern and specific type for web pages and online content.
% @unpublished: For a document that has not been officially published, like a draft or manuscript.

% Como usar citações:

% parencite: Para citações ao final do paragrago.
% Exemplo: “A expressão ‘furiosa’ dessa estátua de que fala Rabelais, corresponde também à realidade.” (BAKHTIN, 1987, p. 388).
%
% (Santos, 2001) -> \parencite{santos2001}
% (Santos, 2001, p. 36) -> \parencite[36]{santos2001}
%
% textcite: Para citações no corpo do texto.
% Exemplo: Segundo Rodrigues (2007) uma das metas principais de avaliação
%
% Santos (2001, p. 36) -> \textcite[36]{santos2001}
% Santos (2001) -> \textcite{santos2001}

% Para imprimir sobrenome composto, defina o author como: author = {Humberto {Castelo Branco}}
% Para entidades independentes, defina o author com dois colchetes: author = {{Conselho Regional de Educação Física da 4ª Região (CREF4/SP)}} 


% 9.3.a - Dissertações e Teses
% LORENA, Rosa Stela Ribeiro de. O Cluster como vantagem competitiva das empresas eletroeletrônicas de Santa Rita do Sapucaí – MG – Brasil. 2013. 160 p. Dissertação (Mestrado em Administração) – Universidad de La Empresa, Montevidéu – Uruguai, 2013.
@mastersthesis{lorena2013cluster,
  author = {Rosa Stela Ribeiro de Lorena},
  school = {Universidad de La Empresa},
  title = {O \textit{Cluster} como vantagem competitiva das empresas eletroeletrônicas de Santa Rita do Sapucaí - MG - Brasil},
  pages = {160},
  year = {2013},
  address = {Montevidéu - Uruguai},
  type = {Dissertação (Mestrado em Administração)}
}

% 
% SALOMON, Délcio Vieira. Como fazer uma monografia: elementos de metodologia do trabalho científico. 6. ed. Belo Horizonte: Interlivros, 1979.
@book{knuth1984,
  author = {Délcio Vieira Salomon},
  title = {Como fazer uma monografia},
  subtitle  = {elementos de metodologia do trabalho científico},
  publisher = {Interlivros},
  address = {Belo Horizonte},
  year = {1979},
  edition = {6. ed.}
}

% Separar multiplos autores pela palavra "and"
% 9.2 c - Livro até 3 autores
SANTOS, D.; PALMAS, J.; MENDES, P. M. Dicionário de informática. Rio de Janeiro: Zahar, 2004.
@book{santos2004dicionario,
  author = {Santos, D. and Palmas, J. and Mendes, P. M.},
  title = {Dicionário de informática},
  publisher = {Zahar},
  address = {Rio de Janeiro},
  year = {2004}
}